@inproceedings{Talonen:2011:APE:2075337.2075371,
 author = {Talonen, Jaakko and Sulkava, Mika},
 title = {Analyzing Parliamentary Elections Based on Voting Advice Application Data},
 booktitle = {Proceedings of the 10th International Conference on Advances in Intelligent Data Analysis X},
 series = {IDA'11},
 year = {2011},
 isbn = {978-3-642-24799-6},
 location = {Porto, Portugal},
 pages = {340--351},
 numpages = {12},
 url = {http://dl.acm.org/citation.cfm?id=2075337.2075371},
 acmid = {2075371},
 publisher = {Springer-Verlag},
 address = {Berlin, Heidelberg},
 keywords = {Kernel density estimation, missing value imputation, parliamentary elections, principal component analysis, visualizations},
} 